<?xml version="1.0" encoding="UTF-8"?><collection xmlns="http://www.loc.gov/MARC21/slim"><record><leader>00381nam--2200109-i-4500</leader><controlfield tag="001">000007080</controlfield><controlfield tag="002">20161230</controlfield><controlfield tag="005">20161230201027</controlfield><controlfield tag="008">060222s1000------------r-----000-0-eng-d</controlfield><datafield ind1=" " ind2=" " tag="245"><subfield code="a">Atomenergie in deutchland. beschreibung der au sstetllung der bundersrepublik deutschland, genf 1964</subfield></datafield><datafield ind1=" " ind2=" " tag="260"><subfield code="a">Bad Godesberg, Bundesministerium Fur Wissensch Aftliche Forschung, 1964 60 P</subfield></datafield><datafield ind1=" " ind2=" " tag="852"><subfield code="a">21115</subfield></datafield></record></collection>